@misc{thoughtworks,
  author = {Robert Rees},
  title = {NoSQL, no problem. An introduction to NoSQL databases},
  howpublished = "\url{http://www.thoughtworks.com/articles/nosql-comparison}"
}
